@misc{miino2023github,
author       = {Yuu Miino},
howpublished = {\url{https://github.com/Yuu-Miino-NUE/latex_miino_thesis}},
title        = {{GitHub - Yuu-Miino-NUE/latex-miino-thesis: LaTeX template for thesis of Miino's Lab.}},
year         = {2023}
}